<?xml version="1.0" encoding="UTF-8"?>
<collection xmlns:xsi="http://www.w3.org/2001/XMLSchema-instance" xsi:schemaLocation="http://www.loc.gov/MARC21/slim http://www.loc.gov/standards/marcxml/schema/MARC21slim.xsd" xmlns="http://www.loc.gov/MARC21/slim">
<record>
  <leader>00911cam a2200253   4500</leader>
  <controlfield tag="001">2759517</controlfield>
  <controlfield tag="003">NNC</controlfield>
  <controlfield tag="005">20130425223255.0</controlfield>
  <controlfield tag="008">900820s1964    iq       b    000 0barar </controlfield>
  <datafield tag="010" ind1=" " ind2=" ">
    <subfield code="a">ne 66000122 </subfield>
  </datafield>
  <datafield tag="025" ind1=" " ind2=" ">
    <subfield code="a">PL480:UAR-6604</subfield>
  </datafield>
  <datafield tag="035" ind1=" " ind2=" ">
    <subfield code="a">(OCoLC)ocm22246073</subfield>
  </datafield>
  <datafield tag="035" ind1=" " ind2=" ">
    <subfield code="9">ARM5244CU</subfield>
  </datafield>
  <datafield tag="035" ind1=" " ind2=" ">
    <subfield code="a">(NNC)2759517</subfield>
  </datafield>
  <datafield tag="040" ind1=" " ind2=" ">
    <subfield code="a">DLC</subfield>
    <subfield code="c">WAU</subfield>
    <subfield code="d">ZCU</subfield>
  </datafield>
  <datafield tag="050" ind1="0" ind2=" ">
    <subfield code="a">DS238.A6</subfield>
    <subfield code="b">M32 1964</subfield>
  </datafield>
  <datafield tag="100" ind1="1" ind2=" ">
    <subfield code="a">Maghnīyah, Muḥammad Jawād,</subfield>
    <subfield code="d">1904-1979.</subfield>
  </datafield>
  <datafield tag="245" ind1="1" ind2="0">
    <subfield code="a">Faḍāʾil al-Imām ʻAlī,</subfield>
    <subfield code="b">nashaʾtuhu, ʻilmuhu, jūduhu, shajāʻatuhu, zuhduhu, ṣalātuhu, balāghatuhu, ḥurūbuh</subfield>
    <subfield code="c">[taʾlīf] Muḥammad Jawād Maghnīyah.</subfield>
  </datafield>
  <datafield tag="250" ind1=" " ind2=" ">
    <subfield code="a">[al-Ṭabʻah 2, mazīdah wa-munaqqaḥah]</subfield>
  </datafield>
  <datafield tag="260" ind1=" " ind2=" ">
    <subfield code="a">Baghdād,</subfield>
    <subfield code="b">Maktabat al-Naḥdah</subfield>
    <subfield code="c">[1964]</subfield>
  </datafield>
  <datafield tag="300" ind1=" " ind2=" ">
    <subfield code="a">254 p.</subfield>
    <subfield code="c">24 cm.</subfield>
  </datafield>
  <datafield tag="504" ind1=" " ind2=" ">
    <subfield code="a">Bibliographical footnotes.</subfield>
  </datafield>
  <datafield tag="600" ind1="0" ind2="0">
    <subfield code="a">ʻAlī ibn Abī Ṭālib,</subfield>
    <subfield code="c">Caliph,</subfield>
    <subfield code="d">approximately 600-661.</subfield>
  </datafield>
  <datafield tag="955" ind1=" " ind2=" ">
    <subfield code="b">CU52901041</subfield>
    <subfield code="d">off,glx</subfield>
    <subfield code="e">DS238.A6 M32 1964</subfield>
  </datafield>
</record>
</collection>